

    
<record>
  <controlfield tag="000">00814cam\a2200253I\\4500</controlfield>
  <controlfield tag="001">407283</controlfield>
  <controlfield tag="005">20171101113029.0</controlfield>
  <controlfield tag="008">750416|1941||||xx\\\\\\\\\\\\00010\engmu</controlfield>
  <datafield tag="010" ind1=" " ind2=" ">
    <subfield code="a">41023342</subfield>
  </datafield>
  <datafield tag="035" ind1=" " ind2=" ">
    <subfield code="a">1280424</subfield>
  </datafield>
  <datafield tag="040" ind1=" " ind2=" ">
    <subfield code="c">CIN</subfield>
    <subfield code="d">OCL</subfield>
    <subfield code="d">CIT</subfield>
  </datafield>
  <datafield tag="049" ind1=" " ind2=" ">
    <subfield code="a">CIT4</subfield>
  </datafield>
  <datafield tag="090" ind1=" " ind2=" ">
    <subfield code="a">D763.N6</subfield>
    <subfield code="b">K6 1941a</subfield>
  </datafield>
  <datafield tag="100" ind1="1" ind2=" ">
    <subfield code="a">Koht, Halvdan,</subfield>
    <subfield code="d">1873-1965</subfield>
  </datafield>
  <datafield tag="245" ind1="1" ind2="0">
    <subfield code="a">Norway, neutral and invaded,</subfield>
    <subfield code="c">by Halvdan Koht</subfield>
  </datafield>
  <datafield tag="260" ind1=" " ind2=" ">
    <subfield code="a">New York,</subfield>
    <subfield code="b">Macmillan,</subfield>
    <subfield code="c">1941</subfield>
  </datafield>
  <datafield tag="300" ind1=" " ind2=" ">
    <subfield code="a">253 p.</subfield>
    <subfield code="b">illus., ports.</subfield>
    <subfield code="c">21 cm</subfield>
  </datafield>
  <datafield tag="583" ind1="0" ind2=" ">
    <subfield code="a">retained</subfield>
    <subfield code="x">SCELC shared print</subfield>
    <subfield code="c">20170712</subfield>
    <subfield code="5">CIT</subfield>
  </datafield>
  <datafield tag="650" ind1=" " ind2="0">
    <subfield code="a">World War, 1939-1945</subfield>
    <subfield code="z">Norway</subfield>
  </datafield>
  <datafield tag="650" ind1=" " ind2="0">
    <subfield code="a">World War, 1939-1945</subfield>
    <subfield code="x">Diplomatic history</subfield>
  </datafield>
  <datafield tag="651" ind1=" " ind2="0">
    <subfield code="a">Norway</subfield>
    <subfield code="x">Politics and government</subfield>
    <subfield code="y">1905-</subfield>
  </datafield>
  <datafield tag="651" ind1=" " ind2="0">
    <subfield code="a">Norway</subfield>
    <subfield code="x">History</subfield>
    <subfield code="y">German occupation, 1940-1945</subfield>
  </datafield>
  <datafield tag="907" ind1=" " ind2=" ">
    <subfield code="a">.b10404570</subfield>
    <subfield code="b">150824</subfield>
    <subfield code="c">900226</subfield>
  </datafield>
  <datafield tag="909" ind1="C" ind2="O">
    <subfield code="o">oai:caltech.tind.io:407283</subfield>
    <subfield code="p">caltech:bibliographic</subfield>
  </datafield>
  <datafield tag="980" ind1=" " ind2=" ">
    <subfield code="a">BIB</subfield>
  </datafield>
  <datafield tag="998" ind1=" " ind2=" ">
    <subfield code="a">da</subfield>
    <subfield code="b">091203</subfield>
    <subfield code="c">a</subfield>
    <subfield code="d">m</subfield>
    <subfield code="e">-</subfield>
    <subfield code="f">eng</subfield>
    <subfield code="g">xx </subfield>
    <subfield code="h">0</subfield>
    <subfield code="i">1</subfield>
  </datafield>
</record>