

    
    <record>
        <controlfield tag="001">460237</controlfield>
        <controlfield tag="000">01028nam\a2200289Ia\4500</controlfield>
        <controlfield tag="005">20150923222520.0</controlfield>
        <controlfield tag="008">800604s1953\\\\no\ab\\\\b\\\\00110\normc</controlfield>
        <datafield tag="010" ind1=" " ind2=" ">
            <subfield code="a">gs 54000034</subfield>
        </datafield>
        <datafield tag="035" ind1=" " ind2=" ">
            <subfield code="a">.b11019530</subfield>
            <subfield code="b">ge   </subfield>
            <subfield code="c">0</subfield>
        </datafield>
        <datafield tag="035" ind1=" " ind2=" ">
            <subfield code="a">(OCoLC)6387970</subfield>
        </datafield>
        <datafield tag="040" ind1=" " ind2=" ">
            <subfield code="a">RETROCON/NYGG (U.S. Geol. Survey.  Libr.)</subfield>
            <subfield code="c">COO</subfield>
            <subfield code="d">m.c.</subfield>
            <subfield code="d">CIT</subfield>
        </datafield>
        <datafield tag="049" ind1=" " ind2=" ">
            <subfield code="a">CITL</subfield>
        </datafield>
        <datafield tag="090" ind1=" " ind2=" ">
            <subfield code="a">QE281</subfield>
            <subfield code="b">.H64 1953</subfield>
        </datafield>
        <datafield tag="100" ind1="1" ind2="0">
            <subfield code="a">Holtedahl, Olaf,</subfield>
            <subfield code="d">1885-</subfield>
        </datafield>
        <datafield tag="245" ind1="1" ind2="0">
            <subfield code="a">Norges geologi /</subfield>
            <subfield code="c">av Olaf Holtedahl</subfield>
        </datafield>
        <datafield tag="260" ind1="0" ind2=" ">
            <subfield code="a">Oslo :</subfield>
            <subfield code="b">I kommisjon hos H. Aschehoug,</subfield>
            <subfield code="c">1953</subfield>
        </datafield>
        <datafield tag="300" ind1=" " ind2=" ">
            <subfield code="a">2 v. (xi, 1118 p.) :</subfield>
            <subfield code="b">ill., maps ;</subfield>
            <subfield code="c">22 cm. +</subfield>
            <subfield code="e">1 case (14 folded plates, 8 folded maps)</subfield>
        </datafield>
        <datafield tag="490" ind1="1" ind2=" ">
            <subfield code="a">Norges geologiske undersøkelse ;</subfield>
            <subfield code="v">nr. 164</subfield>
        </datafield>
        <datafield tag="504" ind1=" " ind2=" ">
            <subfield code="a">Includes bibliographies and index</subfield>
        </datafield>
        <datafield tag="650" ind1=" " ind2="0">
            <subfield code="a">Geology</subfield>
            <subfield code="z">Norway</subfield>
        </datafield>
        <datafield tag="650" ind1=" " ind2="0">
            <subfield code="a">Paleontology</subfield>
            <subfield code="z">Norway</subfield>
        </datafield>
        <datafield tag="650" ind1=" " ind2="0">
            <subfield code="a">Prehistoric peoples</subfield>
            <subfield code="z">Norway</subfield>
        </datafield>
        <datafield tag="651" ind1=" " ind2="0">
            <subfield code="a">Norway</subfield>
            <subfield code="x">Antiquities</subfield>
        </datafield>
        <datafield tag="830" ind1=" " ind2="0">
            <subfield code="a">Skrifter (Norges geologiske undersøkelse) ;</subfield>
            <subfield code="v">nr. 164</subfield>
        </datafield>
        <datafield tag="907" ind1=" " ind2=" ">
            <subfield code="a">.b11019530</subfield>
            <subfield code="b">150824</subfield>
            <subfield code="c">900301</subfield>
        </datafield>
        <datafield tag="909" ind1="C" ind2="O">
            <subfield code="o">oai:caltech.tind.io:460237</subfield>
            <subfield code="p">caltech:bibliographic</subfield>
        </datafield>
        <datafield tag="980" ind1=" " ind2=" ">
            <subfield code="a">BIB</subfield>
        </datafield>
        <datafield tag="998" ind1=" " ind2=" ">
            <subfield code="a">ge</subfield>
            <subfield code="b">091203</subfield>
            <subfield code="c">a</subfield>
            <subfield code="d">m</subfield>
            <subfield code="e">-</subfield>
            <subfield code="f">nor</subfield>
            <subfield code="g">no </subfield>
            <subfield code="h">0</subfield>
            <subfield code="i">2</subfield>
        </datafield>
    </record>