

    
    <record>
        <controlfield tag="001">560974</controlfield>
        <controlfield tag="000">00981nam\a2200325Ia\4500</controlfield>
        <controlfield tag="005">20150923225753.0</controlfield>
        <controlfield tag="008">870331s1985\\\\no\\\\\\\b\\\\00110\nor\d</controlfield>
        <datafield tag="035" ind1=" " ind2=" ">
            <subfield code="a">.b12366626</subfield>
        </datafield>
        <datafield tag="035" ind1=" " ind2=" ">
            <subfield code="a">(OCoLC)15467229</subfield>
        </datafield>
        <datafield tag="040" ind1=" " ind2=" ">
            <subfield code="a">GIS</subfield>
            <subfield code="c">GIS</subfield>
            <subfield code="d">m/c</subfield>
        </datafield>
        <datafield tag="041" ind1="0" ind2=" ">
            <subfield code="a">nor</subfield>
            <subfield code="b">eng</subfield>
        </datafield>
        <datafield tag="049" ind1=" " ind2=" ">
            <subfield code="a">CITL</subfield>
        </datafield>
        <datafield tag="099" ind1=" " ind2=" ">
            <subfield code="a">JOURNAL ISSUE</subfield>
        </datafield>
        <datafield tag="100" ind1="1" ind2="0">
            <subfield code="a">Neumann, Henrich</subfield>
        </datafield>
        <datafield tag="245" ind1="1" ind2="0">
            <subfield code="a">Norges mineraler /</subfield>
            <subfield code="c">Henrich Neumann</subfield>
        </datafield>
        <datafield tag="260" ind1="0" ind2=" ">
            <subfield code="a">Trondheim :</subfield>
            <subfield code="b">Universitetsforlaget,</subfield>
            <subfield code="c">1985</subfield>
        </datafield>
        <datafield tag="300" ind1=" " ind2=" ">
            <subfield code="a">278 p. ;</subfield>
            <subfield code="c">25 cm</subfield>
        </datafield>
        <datafield tag="490" ind1="1" ind2=" ">
            <subfield code="a">Skrifter / Norges geologiske undersøkelse ;</subfield>
            <subfield code="v">68</subfield>
        </datafield>
        <datafield tag="500" ind1=" " ind2=" ">
            <subfield code="a">Summary in English</subfield>
        </datafield>
        <datafield tag="500" ind1=" " ind2=" ">
            <subfield code="a">Cover title</subfield>
        </datafield>
        <datafield tag="500" ind1=" " ind2=" ">
            <subfield code="a">Includes index</subfield>
        </datafield>
        <datafield tag="504" ind1=" " ind2=" ">
            <subfield code="a">Bibliography: p. 247-274</subfield>
        </datafield>
        <datafield tag="590" ind1=" " ind2=" ">
            <subfield code="a">Analytic record</subfield>
        </datafield>
        <datafield tag="650" ind1=" " ind2="0">
            <subfield code="a">Mineralogy</subfield>
            <subfield code="z">Norway</subfield>
        </datafield>
        <datafield tag="651" ind1=" " ind2="0">
            <subfield code="a">Norway</subfield>
            <subfield code="x">Minerals</subfield>
        </datafield>
        <datafield tag="710" ind1="2" ind2="0">
            <subfield code="a">Norges geologiske undersøkelse</subfield>
        </datafield>
        <datafield tag="830" ind1=" " ind2="0">
            <subfield code="a">Skrifter (Norges geologiske undersøkelse) ;</subfield>
            <subfield code="v">nr. 68</subfield>
        </datafield>
        <datafield tag="907" ind1=" " ind2=" ">
            <subfield code="a">.b12366626</subfield>
            <subfield code="b">150817</subfield>
            <subfield code="c">900515</subfield>
        </datafield>
        <datafield tag="909" ind1="C" ind2="O">
            <subfield code="o">oai:caltech.tind.io:560974</subfield>
            <subfield code="p">caltech:bibliographic</subfield>
        </datafield>
        <datafield tag="948" ind1=" " ind2=" ">
            <subfield code="a">car / skj 040300</subfield>
        </datafield>
        <datafield tag="980" ind1=" " ind2=" ">
            <subfield code="a">BIB</subfield>
        </datafield>
        <datafield tag="998" ind1=" " ind2=" ">
            <subfield code="a">ge</subfield>
            <subfield code="b">019008</subfield>
            <subfield code="c">a</subfield>
            <subfield code="d">m</subfield>
            <subfield code="e">-</subfield>
            <subfield code="f">nor</subfield>
            <subfield code="g">no </subfield>
            <subfield code="h">0</subfield>
            <subfield code="i">1</subfield>
        </datafield>
    </record>

    
</collection>